%===================================================================== 
% LITERATURE ============================================================================
@article{borenstein1989real,
	title={Real-time obstacle avoidance for fast mobile robots},
	author={Borenstein, Johann and Koren, Yoram},
	journal={IEEE Transactions on systems, Man, and Cybernetics},
	volume={19},
	number={5},
	pages={1179--1187},
	year={1989},
	publisher={IEEE}
}
@article{borenstein1991vector,
	title={The vector field histogram-fast obstacle avoidance for mobile robots},
	author={Borenstein, Johann and Koren, Yoram},
	journal={IEEE transactions on robotics and automation},
	volume={7},
	number={3},
	pages={278--288},
	year={1991},
	publisher={IEEE}
}
@inproceedings{ulrich1998vfh+,
	title={VFH+: Reliable obstacle avoidance for fast mobile robots},
	author={Ulrich, Iwan and Borenstein, Johann},
	booktitle={Proceedings. 1998 IEEE international conference on robotics and automation (Cat. No. 98CH36146)},
	volume={2},
	pages={1572--1577},
	year={1998},
	organization={IEEE}
}
@inproceedings{brock1999high,
	title={High-speed navigation using the global dynamic window approach},
	author={Brock, Oliver and Khatib, Oussama},
	booktitle={Proceedings 1999 IEEE International Conference on Robotics and Automation (Cat. No. 99CH36288C)},
	volume={1},
	pages={341--346},
	year={1999},
	organization={IEEE}
}
@article{minguez2004nearness,
	title={Nearness diagram (ND) navigation: collision avoidance in troublesome scenarios},
	author={Minguez, Javier and Montano, Luis},
	journal={IEEE Transactions on Robotics and Automation},
	volume={20},
	number={1},
	pages={45--59},
	year={2004},
	publisher={IEEE}
}
@incollection{khatib1986real,
	title={Real-time obstacle avoidance for manipulators and mobile robots},
	author={Khatib, Oussama},
	booktitle={Autonomous robot vehicles},
	pages={396--404},
	year={1986},
	publisher={Springer}
}
@inproceedings{tang2010novel,
	title={A novel potential field method for obstacle avoidance and path planning of mobile robot},
	author={Tang, Lei and Dian, Songyi and Gu, Gangxu and Zhou, Kunli and Wang, Suihe and Feng, Xinghuan},
	booktitle={2010 3rd International Conference on Computer Science and Information Technology},
	volume={9},
	pages={633--637},
	year={2010},
	organization={IEEE}
}
@inproceedings{park2001obstacle,
	title={Obstacle avoidance for mobile robots using artificial potential field approach with simulated annealing},
	author={Park, Min Gyu and Jeon, Jae Hyun and Lee, Min Cheol},
	booktitle={ISIE 2001. 2001 IEEE International Symposium on Industrial Electronics Proceedings (Cat. No. 01TH8570)},
	volume={3},
	pages={1530--1535},
	year={2001},
	organization={IEEE}
}
@book{latombe2012robot,
	title={Robot motion planning},
	author={Latombe, Jean-Claude},
	volume={124},
	year={2012},
	publisher={Springer Science \& Business Media}
}
@article{duchovn2014path,
	title={Path planning with modified a star algorithm for a mobile robot},
	author={Ducho{\v{n}}, Franti{\v{s}}ek and Babinec, Andrej and Kajan, Martin and Be{\v{n}}o, Peter and Florek, Martin and Fico, Tom{\'a}{\v{s}} and Juri{\v{s}}ica, Ladislav},
	journal={Procedia Engineering},
	volume={96},
	pages={59--69},
	year={2014},
	publisher={Elsevier}
}
@techreport{nilsson1969mobile,
	title={A mobile automaton: An application of artificial intelligence techniques},
	author={Nilsson, Nils J},
	year={1969},
	institution={SRI INTERNATIONAL MENLO PARK CA ARTIFICIAL INTELLIGENCE CENTER}
}
@inproceedings{garrido2006voronoi,
	title={Voronoi diagram and fast marching applied to path planning},
	author={Garrido, Santiago and Moreno, Luis and Blanco, Dolores},
	booktitle={Proceedings 2006 IEEE International Conference on Robotics and Automation, 2006. ICRA 2006.},
	pages={3049--3054},
	year={2006},
	organization={IEEE}
}
@article{bhattacharya2008roadmap,
	title={Roadmap-based path planning-using the voronoi diagram for a clearance-based shortest path},
	author={Bhattacharya, Priyadarshi and Gavrilova, Marina L},
	journal={IEEE Robotics \& Automation Magazine},
	volume={15},
	number={2},
	pages={58--66},
	year={2008},
	publisher={IEEE}
}
@article{takahashi1989motion,
	title={Motion planning in a plane using generalized Voronoi diagrams},
	author={Takahashi, Osamu and Schilling, Robert J},
	journal={IEEE Transactions on robotics and automation},
	volume={5},
	number={2},
	pages={143--150},
	year={1989},
	publisher={IEEE}
}
@techreport{jones1990engineering,
	title={Engineering parameters related to rollover frequency},
	author={Jones, Ian S and Penny, Maria B},
	year={1990},
	institution={SAE Technical Paper}
}
@article{buchele1990computer,
	title={Computer analysis of the lateral stability of agricultural tractors.},
	author={Buchele, WF and Xie, LS and others},
	journal={Paper-American Society of Agricultural Engineers},
	number={90-1589},
	year={1990}
}
@book{craig2005introduction,
	title={Introduction to robotics: mechanics and control},
	author={Craig, John J},
	volume={3},
	year={2005},
	publisher={Pearson/Prentice Hall Upper Saddle River, NJ, USA:}
}
@article{labbertab,
	title={RTAB-Map as an open-source lidar and visual simultaneous localization and mapping library for large-scale and long-term online operation},
	author={Labb{\'e}, Mathieu and Michaud, Fran{\c{c}}ois},
	journal={Journal of Field Robotics},
	volume={36},
	number={2},
	pages={416--446},
	year={2019},
	publisher={Wiley Online Library}
}
@article{labbe2013appearance,
	title={Appearance-based loop closure detection for online large-scale and long-term operation},
	author={Labbe, Mathieu and Michaud, Francois},
	journal={IEEE Transactions on Robotics},
	volume={29},
	number={3},
	pages={734--745},
	year={2013},
	publisher={Institute of Electrical and Electronics Engineers, Inc., 3 Park Avenue, 17 th Fl New York NY 10016-5997 United States}
}
@misc{rtabmap,
	title = {RTabMap [Online]},
	howpublished = {\url{https://github.com/introlab/rtabmap}},
	note = {Accessed: 2018-09-30}
}
@misc{openni,
	title = {OpenNI [Online]},
	howpublished = {\url{http://www.openni.org/}},
	note = {Accessed: 2018-09-30}
}
@misc{mssdk,
	title = {Microsoft Kinect SDK [Online].},
	howpublished = {\url{https://www.microsoft.com/en-hk/download/details.aspx?id=44561}},
	note = {Accessed: 2018-09-30}
}
@misc{freenect,
	title = {OpenKinect [Online].},
	howpublished = {\url{https://github.com/OpenKinect/libfreenect/}},
	note = {Accessed: 2018-09-30}
}
@article{geng2011structured,
	title={Structured-light 3D surface imaging: a tutorial},
	author={Geng, Jason},
	journal={Advances in Optics and Photonics},
	volume={3},
	number={2},
	pages={128--160},
	year={2011},
	publisher={Optical Society of America}
}
@article{smith1959controller,
	title={A controller to overcome dead time},
	author={Smith, Otto JM},
	journal={ISA J.},
	volume={6},
	pages={28--33},
	year={1959}
}
@inproceedings{ollero1995stability,
	title={Stability analysis of mobile robot path tracking},
	author={Ollero, Anibal and Heredia, Guillermo},
	booktitle={Intelligent Robots and Systems 95.'Human Robot Interaction and Cooperative Robots', Proceedings. 1995 IEEE/RSJ International Conference on},
	volume={3},
	pages={461--466},
	year={1995},
	organization={IEEE}
}
@article{hokayem2006bilateral,
	title={Bilateral teleoperation: An historical survey},
	author={Hokayem, Peter F and Spong, Mark W},
	journal={Automatica},
	volume={42},
	number={12},
	pages={2035--2057},
	year={2006},
	publisher={Elsevier}
}
@article{lawrence1993stability,
	title={Stability and transparency in bilateral teleoperation},
	author={Lawrence, Dale A},
	journal={IEEE transactions on robotics and automation},
	volume={9},
	number={5},
	pages={624--637},
	year={1993},
	publisher={IEEE}
}
@inproceedings{flatau1977sm,
	title={SM-229: a new compact servo master-slave manipulator},
	author={Flatau, CR},
	booktitle={Proceedings of the 25th conference on remote systems technology},
	year={1977}
}
@article{goertz1961anl,
	title={The ANL Model 3 Master-Slave Electric Manipulator--Its Design and Use in a Cave},
	author={Goertz, RC and Blomgren, RA and Grimson, JH and Forster, GA and Thompson, WM and Kline, WH},
	journal={Trans. Am. Nuclear Soc.},
	volume={4},
	number={2},
	year={1961},
	publisher={Argonne National Lab., Ill.}
}
@article{anderson1989bilateral,
	title={Bilateral control of teleoperators with time delay},
	author={Anderson, Robert J and Spong, Mark W},
	journal={IEEE Transactions on Automatic control},
	volume={34},
	number={5},
	pages={494--501},
	year={1989},
	publisher={IEEE}
}
@article{rebelo2015time,
	title={Time domain passivity controller for 4-channel time-delay bilateral teleoperation},
	author={Rebelo, Joao and Schiele, Andre},
	journal={IEEE transactions on haptics},
	volume={8},
	number={1},
	pages={79--89},
	year={2015},
	publisher={IEEE}
}
@inproceedings{jagersand1995visual,
	title={Visual space task specification, planning and control},
	author={Jagersand, Martin and Nelson, Randal},
	booktitle={Computer Vision, 1995. Proceedings., International Symposium on},
	pages={521--526},
	year={1995},
	organization={IEEE}
}
@inproceedings{jagersand1999image,
	title={Image based predictive display for tele-manipulation},
	author={Jagersand, Martin},
	booktitle={Robotics and Automation, 1999. Proceedings. 1999 IEEE International Conference on},
	volume={1},
	pages={550--556},
	year={1999},
	organization={IEEE}
}
@inproceedings{deng2003predictive,
	title={Predictive display system for tele-manipulation using image-based modeling and rendering},
	author={Deng, Zhenyuan and Jagersand, Martin},
	booktitle={Intelligent Robots and Systems, 2003.(IROS 2003). Proceedings. 2003 IEEE/RSJ International Conference on},
	volume={3},
	pages={2797--2802},
	year={2003},
	organization={IEEE}
}
@inproceedings{yerex2003predictive,
	title={Predictive display models for tele-manipulation from uncalibrated camera-capture of scene geometry and appearance},
	author={Yerex, Keith and Cobzas, Dana and Jagersand, Martin},
	booktitle={Robotics and Automation, 2003. Proceedings. ICRA'03. IEEE International Conference on},
	volume={2},
	pages={2812--2817},
	year={2003},
	organization={IEEE}
}
@article{kelly2011real,
	title={Real-time photorealistic virtualized reality interface for remote mobile robot control},
	author={Kelly, Alonzo and Chan, Nicholas and Herman, Herman and Huber, Daniel and Meyers, Robert and Rander, Pete and Warner, Randy and Ziglar, Jason and Capstick, Erin},
	journal={The International Journal of Robotics Research},
	volume={30},
	number={3},
	pages={384--404},
	year={2011},
	publisher={SAGE Publications Sage UK: London, England}
}
@article{burkert2004photorealistic,
	title={A photorealistic predictive display},
	author={Burkert, Tim and Leupold, Jan and Passig, Georg},
	journal={Presence: Teleoperators \& Virtual Environments},
	volume={13},
	number={1},
	pages={22--43},
	year={2004},
	publisher={MIT Press}
}
@inproceedings{hu2015line,
	title={On-line reconstruction based predictive display in unknown environment},
	author={Hu, Huan and Quintero, Camilo Perez and Sun, Hanxu and Jagersand, Martin},
	booktitle={Robotics and Automation (ICRA), 2015 IEEE International Conference on},
	pages={4446--4451},
	year={2015},
	organization={IEEE}
}
@inproceedings{bejczy1990predictive,
	title={Predictive displays and shared compliance control for time-delayed telemanipulation},
	author={Bejczy, Antal K and Kim, Won S},
	booktitle={Intelligent Robots and Systems' 90.'Towards a New Frontier of Applications', Proceedings. IROS'90. IEEE International Workshop on},
	pages={407--412},
	year={1990},
	organization={IEEE}
}
@inproceedings{pook1994teleassistance,
	title={Teleassistance: Contextual guidance for autonomous manipulation},
	author={Pook, Polly K and Ballard, Dana H},
	booktitle={AAAI},
	pages={1291--1296},
	year={1994}
}
@techreport{grange2001overview,
	title={Overview of the delta haptic device},
	author={Grange, S{\'e}bastien and Conti, Fran{\c{c}}ois and Helmer, Patrick and Rouiller, Patrice and Baur, Charles},
	year={2001}
}
@inproceedings{massie1994phantom,
	title={The phantom haptic interface: A device for probing virtual objects},
	author={Massie, Thomas H and Salisbury, J Kenneth and others},
	booktitle={Proceedings of the ASME winter annual meeting, symposium on haptic interfaces for virtual environment and teleoperator systems},
	volume={55,1},	
	pages={295--300},
	year={1994},
	organization={Citeseer}
}
@book{martin1985teleoperated,
	title={Teleoperated robotics in hostile environments},
	author={Martin, H Lee and Kuban, Daniel P},
	year={1985},
	publisher={Society of Manufacturing Engineers}
}
@misc{vertut1986teleoperations,
	title={Teleoperations and Robotics: Evolution and Development,“Robot Technology,” vol. 3A},
	author={Vertut, J and Coiffet, P},
	year={1986},
	publisher={Englewood Cliffs, NJ: Prentice-Hall, Inc}
}
@article{hellstrom2006follow,
	title={Follow the Past: a path-tracking algorithm for autonomous vehicles},
	author={Hellstrom, Thomas and Ringdahl, Ola},
	journal={International journal of vehicle autonomous systems},
	volume={4},
	number={2},
	pages={216--224},
	year={2006}
}
@article{wit2004autonomous,
	title={Autonomous ground vehicle path tracking},
	author={Wit, Jeff and Crane III, Carl D and Armstrong, David},
	journal={Journal of Robotic Systems},
	volume={21},
	number={8},
	pages={439--449},
	year={2004},
	publisher={Wiley Online Library}
}

@article{yi2002kinematics,
	title={The kinematics for redundantly actuated omnidirectional mobile robots},
	author={Yi, Byung-Ju and Kim, Whee Kuk},
	journal={Journal of Robotic Systems},
	volume={19},
	number={6},
	pages={255--267},
	year={2002},
	publisher={Wiley Online Library}
}
@article{barton2001controller,
	title={Controller development and implementation for path planning and following in an autonomous urban vehicle},
	author={Barton, Matthew J},
	journal={Undergraduate thesis, University of Sydney},
	year={2001}
}
@article{muir1987kinematic,
	title={Kinematic modeling of wheeled mobile robots},
	author={Muir, Patrick F and Neuman, Charles P},
	journal={Journal of robotic systems},
	volume={4},
	number={2},
	pages={281--340},
	year={1987},
	publisher={Wiley Online Library}
}
@article{gorsich2018evaluating,
	title={Evaluating mobility vs. latency in unmanned ground vehicles},
	author={Gorsich, David J and Jayakumar, Paramsothy and Cole, Michael P and Crean, Cory M and Jain, Abhinandan and Ersal, Tulga},
	journal={Journal of Terramechanics},
	volume={80},
	pages={11--19},
	year={2018},
	publisher={Elsevier}
}
@inproceedings{arai2016development,
	title={Development of a teleoperated robot arm system using RSNP: Precise tasks performed using a predictive display},
	author={Arai, Takashi and Yasuda, Motohiro and Matsuhira, Nobuto},
	booktitle={Ubiquitous Robots and Ambient Intelligence (URAI), 2016 13th International Conference on},
	pages={128--131},
	year={2016},
	organization={IEEE}
}
@inproceedings{senuma2017development,
	title={Development of a teleoperated multiple crawler robotic system using robot service network protocol—Basic experiments by two crawler robots},
	author={Senuma, Takatoo and Yasuda, Motohiro and Matsuhira, Nobuto and Nisawa, Hideyuki},
	booktitle={System Integration (SII), 2017 IEEE/SICE International Symposium on},
	pages={469--474},
	year={2017},
	organization={IEEE}
}
@inproceedings{du2018experimental,
	title={Experimental Evaluation of a Tele-Operated Robot System in Traversing a Narrow Path},
	author={Du, Zhefu and Zhang, Zheng and Naito, Yuta and Miki, Satoru and Matsuhira, Nobuto},
	booktitle={2018 IEEE International Conference on Mechatronics and Automation (ICMA)},
	pages={821--826},
	year={2018},
	organization={IEEE}
}
@inproceedings{ohno2011robotic,
	title={Robotic control vehicle for measuring radiation in Fukushima Daiichi Nuclear Power Plant},
	author={Ohno, Kazunori and Kawatsuma, Shinji and Okada, Takashi and Takeuchi, Eijiro and Higashi, Kazuyuki and Tadokoro, Satoshi},
	booktitle={Safety, Security, and Rescue Robotics (SSRR), 2011 IEEE International Symposium on},
	pages={38--43},
	year={2011},
	organization={IEEE}
}
@inproceedings{kim20173d,
	title={3D radiation imaging using mobile robot equipped with radiation detector},
	author={Kim, Doyeon and Woo, Hanwool and Ji, Yonghoon and Tamura, Yusuke and Yamashita, Atsushi and Asama, Hajime},
	booktitle={System Integration (SII), 2017 IEEE/SICE International Symposium on},
	pages={444--449},
	year={2017},
	organization={IEEE}
}
@article{luk2006tele,
	title={Tele-operated climbing and mobile service robots for remote inspection and maintenance in nuclear industry},
	author={Luk, Bing Lam and Liu, KP and Collie, Arthur A and Cooke, David S and Chen, S},
	journal={Industrial Robot: An International Journal},
	volume={33},
	number={3},
	pages={194--204},
	year={2006},
	publisher={Emerald Group Publishing Limited}
}
@inproceedings{galt1997tele,
	title={A tele-operated semi-intelligent climbing robot for nuclear applications},
	author={Galt, S and Luk, BL and Cooke, DS and Collie, AA},
	booktitle={Mechatronics and Machine Vision in Practice, 1997. Proceedings., Fourth Annual Conference on},
	pages={118--123},
	year={1997},
	organization={IEEE}
}
@inproceedings{briones1994wall,
	title={Wall-climbing robot for inspection in nuclear power plants},
	author={Briones, Leoncio and Bustamante, Paul and Serna, Miguel A},
	booktitle={Robotics and Automation, 1994. Proceedings., 1994 IEEE International Conference on},
	pages={1409--1414},
	year={1994},
	organization={IEEE}
}
@inproceedings{cho2013study,
	title={A study on automated mobile painting robot with permanent magnet wheels for outer plate of ship},
	author={Cho, Che-Seung and Kim, Jin-Dae and Lee, Sung-Gun and Lee, Sung Kyu and Han, Seung-Chul and Kim, Byeong-Soo},
	booktitle={Robotics (ISR), 2013 44th International Symposium on},
	pages={1--4},
	year={2013},
	organization={IEEE}
}
@inproceedings{clover1997dynamic,
	title={Dynamic simulation of virtual mechanisms with haptic feedback using industrial robotics equipment},
	author={Clover, CL and Luecke, Greg R and Troy, James J and McNeely, William A},
	booktitle={Robotics and Automation, 1997. Proceedings., 1997 IEEE International Conference on},
	volume={1},
	pages={724--730},
	year={1997},
	organization={IEEE}
}
@inproceedings{ueberle2004vishard10,
	title={Vishard10, a novel hyper-redundant haptic interface},
	author={Ueberle, Marc and Mock, Nico and Buss, Martin},
	booktitle={Haptic Interfaces for Virtual Environment and Teleoperator Systems, 2004. HAPTICS'04. Proceedings. 12th International Symposium on},
	pages={58--65},
	year={2004},
	organization={IEEE}
}
@article{yoon2001design,
	title={Design, fabrication, and evaluation of a new haptic device using a parallel mechanism},
	author={Yoon, Jungwon and Ryu, Jeha},
	journal={IEEE/ASME Transactions on mechatronics},
	volume={6},
	number={3},
	pages={221--233},
	year={2001},
	publisher={IEEE}
}
@article{aracil1997telerobotic,
	title={Telerobotic system for live-power line maintenance: ROBTET},
	author={Aracil, R and Ferre, M and Hernando, M and Sebastian, JM},
	journal={IEEE Transactions on Industrial Electronics},
	volume={44},
	number={5-44},
	pages={630--637},
	year={1997}
}
@article{matthies1992stereo,
	title={Stereo vision for planetary rovers: Stochastic modeling to near real-time implementation},
	author={Matthies, Larry},
	journal={International Journal of Computer Vision},
	volume={8},
	number={1},
	pages={71--91},
	year={1992},
	publisher={Springer}
}
@article{hirzinger1994robots,
	title={Robots in space-a survey},
	author={Hirzinger, Gerd},
	journal={Advanced Robotics},
	volume={9},
	number={6},
	pages={625--651},
	year={1994},
	publisher={Taylor \& Francis}
}
@article{alexander1989kinematics,
	title={On the kinematics of wheeled mobile robots},
	author={Alexander, James C and Maddocks, John H},
	journal={The International Journal of Robotics Research},
	volume={8},
	number={5},
	pages={15--27},
	year={1989},
	publisher={Sage Publications Sage CA: Thousand Oaks, CA}
}
@article{borenstein1995control,
	title={Control and kinematic design of multi-degree-of freedom mobile robots with compliant linkage},
	author={Borenstein, Johann},
	journal={IEEE transactions on robotics and automation},
	volume={11},
	number={1},
	pages={21--35},
	year={1995},
	publisher={IEEE}
}
@article{bares1989ambler,
	title={Ambler: An autonomous rover for planetary exploration},
	author={Bares, John and Hebert, Martial and Kanade, Takeo and Krotkov, Eric and Mitchell, Tom and Simmons, Reid and Whittaker, William},
	journal={Computer},
	volume={22},
	number={6},
	pages={18--26},
	year={1989},
	publisher={IEEE}
}
@article{anderson1995smart,
	title={Smart: a modular control architecture for telerobotics},
	author={Anderson, Robert J},
	journal={IEEE Robotics \& Automation Magazine},
	volume={2},
	number={3},
	pages={10--18},
	year={1995},
	publisher={IEEE}
}
@article{brooks1986robust,
	title={A robust layered control system for a mobile robot},
	author={Brooks, Rodney},
	journal={IEEE journal on robotics and automation},
	volume={2},
	number={1},
	pages={14--23},
	year={1986},
	publisher={IEEE}
}
@inproceedings{ray2005design,
	title={The design of a mobile robot for instrument network deployment in Antarctica},
	author={Ray, Laura and Price, Alexander and Streeter, Alexander and Denton, Daniel and Lever, James H},
	booktitle={Robotics and Automation, 2005. ICRA 2005. Proceedings of the 2005 IEEE International Conference on},
	pages={2111--2116},
	year={2005},
	organization={IEEE}
}
@article{sheridan,
	title={Space teleoperation through time delay: review and prognosis},
	author={Sheridan T B},
	journal={IEEE Transactions on Robotics and Automation},
	volume={9},
	number={5},
	Year={October 1993},
	publisher={IEEE}
}
@article{paden2016survey,
	title={A survey of motion planning and control techniques for self-driving urban vehicles},
	author={Paden, Brian and {\v{C}}{\'a}p, Michal and Yong, Sze Zheng and Yershov, Dmitry and Frazzoli, Emilio},
	journal={IEEE Transactions on intelligent vehicles},
	volume={1},
	number={1},
	pages={33--55},
	year={2016},
	publisher={IEEE}
}
@article{sheridan1993space,
	title={Space teleoperation through time delay: Review and prognosis},
	author={Sheridan, Thomas B},
	journal={IEEE Transactions on robotics and Automation},
	volume={9},
	number={5},
	pages={592--606},
	year={1993},
	publisher={IEEE}
}
@article{kim1993demonstration,
	title={Demonstration of a high-fidelity predictive/preview display technique for telerobotic servicing in space},
	author={Kim, Won S and Bejczy, Antal K},
	journal={IEEE Transactions on Robotics and Automation},
	volume={9},
	number={5},
	pages={698--702},
	year={1993},
	publisher={IEEE}
}
@article{niemeyer1991stable,
	title={Stable adaptive teleoperation},
	author={Niemeyer, G{\"u}nter and Slotine, J-JE},
	journal={IEEE Journal of oceanic engineering},
	volume={16},
	number={1},
	pages={152--162},
	year={1991},
	publisher={IEEE}
}
@book{krstic2009delay,
	title={Delay compensation for nonlinear, adaptive, and PDE systems},
	author={Krstic, Miroslav},
	year={2009},
	publisher={Springer}
}
@article{stramigioli2005sampled,
	title={Sampled data systems passivity and discrete port-hamiltonian systems},
	author={Stramigioli, Stefano and Secchi, Cristian and van der Schaft, Arjan J and Fantuzzi, Cesare},
	journal={IEEE Transactions on Robotics},
	volume={21},
	number={4},
	pages={574--587},
	year={2005},
	publisher={IEEE}
}
@inproceedings{stramigioli2010novel,
	title={A novel approach to haptic tele-operation of aerial robot vehicles},
	author={Stramigioli, Stefano and Mahony, Robert and Corke, Peter},
	booktitle={Robotics and Automation (ICRA), 2010 IEEE International Conference on},
	pages={5302--5308},
	year={2010},
	organization={IEEE}
}
@inproceedings{sheridan1986human,
	title={Human supervisory control of robot systems},
	author={Sheridan, Thomas},
	booktitle={Robotics and Automation. Proceedings. 1986 IEEE International Conference on},
	volume={3},
	pages={808--812},
	year={1986},
	organization={IEEE}
}
@article{chen2007human,
	title={Human performance issues and user interface design for teleoperated robots},
	author={Chen, Jessie YC and Haas, Ellen C and Barnes, Michael J},
	journal={IEEE Transactions on Systems, Man, and Cybernetics, Part C (Applications and Reviews)},
	volume={37},
	number={6},
	pages={1231--1245},
	year={2007},
	publisher={IEEE}
}
@article{maxonAutoTune,
	title={maxon Auto Tuning},
	author={Ms. Zakia Zeroual},
	journal={iNaCoMM2013,IIT Roorkee, India},
	year={2013}
}
@techreport{coulter1992implementation,
  title={Implementation of the pure pursuit path tracking algorithm},
  author={Coulter, R Craig},
  year={1992},
  institution={Carnegie-Mellon UNIV Pittsburgh PA Robotics INST}
}

@BOOK{TOMBook,
   AUTHOR = { Thomas Bevan},
   TITLE  = {Theory of Machines, Third Edition},
   PUBLISHER = {CBS Publishers \& Distributors },
   ADDRESS = {Delhi, India},
   YEAR = {1984},
}
@BOOK{SahaBook,
   AUTHOR = {S K Saha },
   TITLE  = {Introduction to Robotics},
   PUBLISHER = {Tata McGraw Hill Education Pvt. Ltd.},
   ADDRESS = {New Delhi, India},
   YEAR = {2010},
}
@BOOK{catMaxon,
    TITLE  = {Motor catalogue 2014 },
   PUBLISHER = {Maxon Motors},
   ADDRESS = {Switzerland},
   YEAR = {2017},
}
@BOOK{maxonrs232,
   TITLE  = {EPOS Application Note: RS232 to CANopen Getway},
   PUBLISHER = {Maxon Motors},
   YEAR = {2012},
    }
@BOOK{maxonAppNotesPosition,
	TITLE  = {EPOS4 Application Note: Positioning Controllers},
	PUBLISHER = {Maxon Motors},
	YEAR = {2012},
}
@inproceedings{farkhatdinov2007hybrid,
	title={Hybrid position-position and position-speed command strategy for the bilateral teleoperation of a mobile robot},
	author={Farkhatdinov, Ildar and Ryu, Jee-Hwan},
	booktitle={Control, Automation and Systems, 2007. ICCAS'07. International Conference on},
	pages={2442--2447},
	year={2007},
	organization={IEEE}
}
@ARTICLE{saha1991,
   AUTHOR = {S K Saha, Jorge Angeles},
   TITLE  = {Dynamics of Nonholonomic Mechanical System Uisng Natural Orthogonal Compliment},
   JOURNAL ={ Transactions of ASMe}, 
   YEAR = {March, 1991},
   VOLUME= {58}, 
   }
   
   @article{saha2001recursive,
     title={Recursive kinematics and dynamics for parallel structured closed-loop multibody systems},
     author={Saha, Subir Kumar and Schiehlen, Werner O},
     journal={Mechanics of Structures and Machines},
     volume={29},
     number={2},
     pages={143--175},
     year={2001},
     publisher={Taylor \& Francis}
   }
   
   @inproceedings{saha1989kinematics,
     title={Kinematics and dynamics of a three-wheeled 2-DOF AGV},
     author={Saha, Subir Kumar and Angeles, Jorge},
     booktitle={Robotics and Automation, 1989. Proceedings., 1989 IEEE International Conference on},
     pages={1572--1577},
     year={1989},
     organization={IEEE}
   }
   @article{saha1999dynamics,
     title={Dynamics of serial multibody systems using the decoupled natural orthogonal complement matrices},
     author={Saha, Subir Kumar},
     journal={Journal of applied mechanics},
     volume={66},
     number={4},
     pages={986--996},
     year={1999}
   }
@INPROCEEDINGS{gough,
   AUTHOR = {V.E. Gough},
   TITLE = {Contribution to discussion to papers on research in automobile stability and control and in tyre performance},
   BOOKTITLE = {Proc. Auto. Div. Instn. Mech. Eng},
   YEAR = {1956-1957},
   PAGES = {392-394},
}
@mastersthesis{devraj,
  author        = "Devraj Sonavane",
  title         = "Instantaneous kinematics of {Stewart} platforms using dual numbers",
  school        = "Indian Institute of Science",
  type          = "{M. E.} Thesis",
  address       = "Bangalore, India",
  month         = jan,
  year          = "2002",
}
@PHDTHESIS{macthesis,
   AUTHOR = {J. M. McCarthy},
   TITLE  = {Instantaneous kinematics of point and line trajectories},
   SCHOOL = {Stanford University},
   YEAR   = {1979},
}
@mypaper{myPaper,
	TITLE = {Author citation [2016]},
		
}
@article{salih2006designing,
  title={Designing omni-directional mobile robot with mecanum wheel},
  author={Salih, Jefri Efendi Mohd and Rizon, Mohamed and Yaacob, Sazali and Adom, Abdul Hamid and Mamat, Mohd Rozailan},
  journal={American Journal of Applied Sciences},
  volume={3},
  number={5},
  pages={1831--1835},
  year={2006}
}
@article{pin1994new,
  title={A new family of omnidirectional and holonomic wheeled platforms for mobile robots},
  author={Pin, Francois G and Killough, Stephen M},
  journal={IEEE transactions on robotics and automation},
  volume={10},
  number={4},
  pages={480--489},
  year={1994},
  publisher={IEEE}
}
@inproceedings{nagatani2000improvement,
  title={Improvement of odometry for omnidirectional vehicle using optical flow information},
  author={Nagatani, Keiji and Tachibana, Satoshi and Sofne, Makoto and Tanaka, Yutaka},
  booktitle={Intelligent Robots and Systems, 2000.(IROS 2000). Proceedings. 2000 IEEE/RSJ International Conference on},
  volume={1},
  pages={468--473},
  year={2000},
  organization={IEEE}
}
@inproceedings{yamamoto1992coordinating,
  title={Coordinating locomotion and manipulation of a mobile manipulator},
  author={Yamamoto, Yoshio and Yun, Xiaoping},
  booktitle={Decision and Control, 1992., Proceedings of the 31st IEEE Conference on},
  pages={2643--2648},
  year={1992},
  organization={IEEE}
}
@inproceedings{guarnieri2004development,
  title={Development of Helios VII: an arm-equipped tracked vehicle for search and rescue operations},
  author={Guarnieri, Michele and Debenest, R and Inoh, Takao and Fukushima, E and Hirose, Shigeo},
  booktitle={Intelligent Robots and Systems, 2004.(IROS 2004). Proceedings. 2004 IEEE/RSJ International Conference on},
  volume={1},
  pages={39--45},
  year={2004},
  organization={IEEE}
}
@inproceedings{suthakorn2009design,
  title={On the design and development of a rough terrain robot for rescue missions},
  author={Suthakorn, Jackrit and Shah, Syed Saqib Hussain and Jantarajit, Suratana and Onprasert, Woratit and Saensupo, Watcharawit and Saeung, Supawat and Nakdhamabhorn, Sakol and Sa-Ing, Vera and Reaungamornrat, Sureerat},
  booktitle={Robotics and Biomimetics, 2008. ROBIO 2008. IEEE International Conference on},
  pages={1830--1835},
  year={2009},
  organization={IEEE}
}
@book{wong2008theory,
  title={Theory of ground vehicles},
  author={Wong, Jo Yung},
  year={2008},
  publisher={John Wiley \& Sons}
}
@inproceedings{d1992dynamic,
  title={Dynamic feedback linearization of nonholonomic wheeled mobile robots},
  author={d'Andrea-Novel, Brigitte and Bastin, Georges and Campion, Guy},
  booktitle={Robotics and Automation, 1992. Proceedings., 1992 IEEE International Conference on},
  pages={2527--2532},
  year={1992},
  organization={IEEE}
}

@article{rahul2011,
	title={Development of an AGV-based intelligent material distribution system },
	author={Prabir K. Pal, et.al},
	journal={CURRENT SCIENCE},
	volume={101},
	number={8,25},
	pages={480--489},
	year={2011},
}

@inproceedings{rajendran2004,
	title={Mobile Robot for Reactor Vessel Inspection},
	author={S Rajendran and et.al.},
	booktitle={National Conference on Advanced Manufacturing and Robotics},
	pages={2527--2532},
	year={2004},
	organization={CMERI, Durgapur,WB,}
}


@article{campion1996structural,
  title={Structural properties and classification of kinematic and dynamic models of wheeled mobile robots},
  author={Campion, Guy and Bastin, Georges and Dandrea-Novel, Brigitte},
  journal={IEEE transactions on robotics and automation},
  volume={12},
  number={1},
  pages={47--62},
  year={1996},
  publisher={IEEE}
}
@incollection{campion2008wheeled,
  title={Wheeled robots},
  author={Campion, Guy and Chung, Woojin},
  booktitle={Springer Handbook of Robotics},
  pages={391--410},
  year={2008},
  publisher={Springer}
}
 @article{boyer2011recursive,
 	title={Recursive inverse dynamics of mobile multibody systems with joints and wheels},
 	author={Boyer, Fr{\'e}d{\'e}ric and Ali, Shaukat},
 	journal={IEEE Transactions on robotics},
 	volume={27},
 	number={2},
 	pages={215--228},
 	year={2011},
 	publisher={IEEE}
 }
@article{luh1980line,
	title={On-line computational scheme for mechanical manipulators},
	author={Luh, John YS and Walker, Michael W and Paul, Richard PC},
	journal={Journal of Dynamic Systems, Measurement, and Control},
	volume={102},
	number={2},
	pages={69--76},
	year={1980},
	publisher={American Society of Mechanical Engineers}
}
@article{chung1998interaction,
	title={Interaction control of a redundant mobile manipulator},
	author={Chung, Jae H and Velinsky, Steven A and Hess, Ronald A},
	journal={The International Journal of Robotics Research},
	volume={17},
	number={12},
	pages={1302--1309},
	year={1998},
	publisher={Sage Publications Sage CA: Thousand Oaks, CA}
}
@phdthesis{mouret2015evolutionary,
  title={Evolutionary Adaptation in Natural and Artificial Systems},
  author={Mouret, Jean-Baptiste},
  year={2015},
  school={Universit{\'e} Pierre et Marie Curie}
}
@inproceedings{machado2006overview,
  title={An overview of legged robots},
  author={Machado, JA Tenreiro and Silva, Manuel F},
  booktitle={International symposium on mathematical methods in engineering},
  year={2006},
  organization={MME Press Ankara, Turkey}
}
@book{valavanis2014handbook,
  title={Handbook of unmanned aerial vehicles},
  author={Valavanis, Kimon P and Vachtsevanos, George J},
  year={2014},
  publisher={Springer Publishing Company, Incorporated}
}
@article{saha1995design,
  title={The design of kinematically isotropic rolling robots with omnidirectional wheels},
  author={Saha, Subir Kumar and Angeles, Jorge and Darcovich, John},
  journal={Mechanism and Machine Theory},
  volume={30},
  number={8},
  pages={1127--1137},
  year={1995},
  publisher={Elsevier}
}

@article{desantis1995modeling,
  title={Modeling and path-tracking control of a mobile wheeled robot with a differential drive},
  author={DeSantis, Romano M},
  journal={Robotica},
  volume={13},
  number={04},
  pages={401--410},
  year={1995},
  publisher={Cambridge Univ Press}
}
@article{koh1999smooth,
  title={A smooth path tracking algorithm for wheeled mobile robots with dynamic constraints},
  author={Koh, Kyoung Chul and Cho, Hyung Suck},
  journal={Journal of intelligent \& robotic systems},
  volume={24},
  number={4},
  pages={367--385},
  year={1999},
  publisher={Springer}
}
@article{d1995control,
  title={Control of nonholonomic wheeled mobile robots by state feedback linearization},
  author={d'Andr{\'e}a-Novel, Brigitte and Campion, Gianni and Bastin, Georges},
  journal={The International journal of robotics research},
  volume={14},
  number={6},
  pages={543--559},
  year={1995},
  publisher={Sage Publications}
}

@inproceedings{thanjavur1997ease,
  title={Ease of dynamic modelling of wheeled mobile robots (WMRs) using Kane's approach},
  author={Thanjavur, K and Rajagopalan, R},
  booktitle={Robotics and Automation, 1997. Proceedings., 1997 IEEE International Conference on},
  volume={4},
  pages={2926--2931},
  year={1997},
  organization={IEEE}
}
@inproceedings{d1991modelling,
  title={Modelling and control of non-holonomic wheeled mobile robots},
  author={d'Andrea-Novel, B and Bastin, G and Campion, G},
  booktitle={Robotics and Automation, 1991. Proceedings., 1991 IEEE International Conference on},
  pages={1130--1135},
  year={1991},
  organization={IEEE}
}

@article{saha1991dynamics,
  title={Dynamics of nonholonomic mechanical systems using a natural orthogonal complement},
  author={Saha, Subir Kumar and Angeles, Jorge},
  journal={Journal of Applied Mechanics},
  volume={58},
  number={1},
  pages={238--243},
  year={1991},
  publisher={American Society of Mechanical Engineers}
}

@book{angeles2013fundamentals,
  title={Fundamentals of robotic mechanical systems: theory, methods, and algorithms},
  author={Angeles, Jorge},
  volume={124},
  year={2013},
  publisher={Springer Science \& Business Media}
}
@article{angeles1988formulation,
	title={The formulation of dynamical equations of holonomic mechanical systems using a natural orthogonal complement},
	author={Angeles, Jorge and Lee, Sang Koo},
	journal={Journal of applied mechanics},
	volume={55},
	pages={243},
	year={1988}
}
@phdthesis{hootsmans1992motion,
	title={The motion control manipulators on mobile vehicles},
	author={Hootsmans, Norbert Antony Murray and others},
	year={1992},
	school={Massachusetts Institute of Technology}
}
@book{saha2010robotics,
  title={Introduction to robotics},
  author={Saha,S.K},
  year={2010},
  publisher={Tata McGraw-Hill, New Delhi}
}

@article{oetomo2008singularity,
	title={Singularity-free joint actuation in omnidirectional mobile platforms with powered offset caster wheels},
	author={Oetomo, Denny and Ang, Marcelo H},
	journal={Journal of Mechanical Design},
	volume={130},
	number={5},
	pages={054501},
	year={2008},
	publisher={American Society of Mechanical Engineers}
}
@inproceedings{park2002optimal,
	title={Optimal design and actuator sizing of redundantly actuated omni-directional mobile robots},
	author={Park, Tae Bum and Lee, Jae Hoon and Yi, Byung-Ju and Kim, Whee Kuk and You, Burn Jae and Oh, Sang-Rok},
	booktitle={Proceedings 2002 IEEE International Conference on Robotics and Automation (Cat. No. 02CH37292)},
	volume={1},
	pages={732--737},
	year={2002},
	organization={IEEE}
}
@article{carlson2005ugvs,
	title={How UGVs physically fail in the field},
	author={Carlson, Jennifer and Murphy, Robin R},
	journal={IEEE Transactions on robotics},
	volume={21},
	number={3},
	pages={423--437},
	year={2005},
	publisher={IEEE}
}
@article{low2005kinematic,
title={Kinematic modeling, mobility analysis and design of wheeled mobile robots},
author={Low, Kin Huat and Leow, YP},
journal={Advanced Robotics},
volume={19},
number={1},
pages={73--99},
year={2005},
publisher={Taylor \& Francis}
}
@article{williams2002dynamic,
	title={Dynamic model with slip for wheeled omnidirectional robots},
	author={Williams, Robert L and Carter, Brian E and Gallina, Paolo and Rosati, Giulio},
	journal={IEEE transactions on Robotics and Automation},
	volume={18},
	number={3},
	pages={285--293},
	year={2002},
	publisher={IEEE}
}
@article{balakrishna1995modeling,
	title={Modeling of slip for wheeled mobile robots},
	author={Balakrishna, R and Ghosal, Ashitava},
	journal={IEEE Transactions on Robotics and Automation},
	volume={11},
	number={1},
	pages={126--132},
	year={1995},
	publisher={IEEE}
}
@inproceedings{tian2009modeling,
	title={Modeling and control of a nonholonomic wheeled mobile robot with wheel slip dynamics},
	author={Tian, Yu and Sidek, Naim and Sarkar, Nilanjan},
	booktitle={2009 IEEE Symposium on Computational Intelligence in Control and Automation},
	pages={7--14},
	year={2009},
	organization={IEEE}
}
@article{konduri2014effect,
	title={Effect of wheel slip in the coordination of wheeled mobile robots},
	author={Konduri, Shyamprasad and Orlando, Edison and Torres, Cobos and Pagilla, Prabhakar R},
	journal={IFAC Proceedings Volumes},
	volume={47},
	number={3},
	pages={8097--8102},
	year={2014},
	publisher={Elsevier}
}
@phdthesis{sidek2008dynamic,
	title={Dynamic modeling and control of nonholonomic wheeled mobile robot subjected to wheel slip},
	author={Sidek, Shahrul Naim and Sarkar, N},
	year={2008},
	school={Vanderbilt University}
}


@article{pacejka1992magic,
	title={The magic formula tyre model},
	author={Pacejka, Hans B and Bakker, Egbert},
	journal={Vehicle system dynamics},
	volume={21},
	number={S1},
	pages={1--18},
	year={1992},
	publisher={Taylor \& Francis}
}
@inproceedings{dubowsky1989planning,
	title={Planning mobile manipulator motions considering vehicle dynamic stability constraints},
	author={Dubowsky, Steven and Vance, EE},
	booktitle={Proceedings, 1989 International Conference on Robotics and Automation},
	pages={1271--1276},
	year={1989},
	organization={IEEE}
}
@article{mcghee1968stability,
	title={On the stability properties of quadruped creeping gaits},
	author={McGhee, Robert B and Frank, Andrew A},
	journal={Mathematical Biosciences},
	volume={3},
	pages={331--351},
	year={1968},
	publisher={Elsevier}
}
@article{vukobratovic1969contribution,
	title={Contribution to the synthesis of biped gait},
	author={Vukobratovic, Miomir and Juricic, Davor},
	journal={IEEE Transactions on Biomedical Engineering},
	number={1},
	pages={1--6},
	year={1969},
	publisher={IEEE}
}
@book{vukobratovic2012biped,
	title={Biped locomotion: dynamics, stability, control and application},
	author={Vukobratovic, Miomir and Borovac, Branislav and Surla, Dusan and Stokic, Dragan},
	volume={7},
	year={2012},
	publisher={Springer Science \& Business Media}
}
@inproceedings{huang1995manipulator,
	title={Manipulator motion planning for stabilizing a mobile-manipulator},
	author={Huang, Qiang and Sugano, Shigeki},
	booktitle={Proceedings 1995 IEEE/RSJ International Conference on Intelligent Robots and Systems. Human Robot Interaction and Cooperative Robots},
	volume={3},
	pages={467--472},
	year={1995},
	organization={IEEE}
}
@inproceedings{huang1994stability,
	title={Stability control for a mobile manipulator using a potential method},
	author={Huang, Qiang and Sugano, Shigeki and Kato, Ichiro},
	booktitle={Proceedings of IEEE/RSJ International Conference on Intelligent Robots and Systems (IROS'94)},
	volume={2},
	pages={839--846},
	year={1994},
	organization={IEEE}
}
@inproceedings{sugano1993stability,
	title={Stability criteria in controlling mobile robotic systems},
	author={Sugano, Shigeki and Huang, Qiang and Kato, Ichiro},
	booktitle={Proceedings of 1993 IEEE/RSJ International Conference on Intelligent Robots and Systems (IROS'93)},
	volume={2},
	pages={832--838},
	year={1993},
	organization={IEEE}
}
@inproceedings{ollero1995stability,
	title={Stability analysis of mobile robot path tracking},
	author={Ollero, Anibal and Heredia, Guillermo},
	booktitle={Proceedings 1995 IEEE/RSJ International Conference on Intelligent Robots and Systems. Human Robot Interaction and Cooperative Robots},
	volume={3},
	pages={461--466},
	year={1995},
	organization={IEEE}
}
@inproceedings{papadopoulos1996new,
	title={A new measure of tipover stability margin for mobile manipulators},
	author={Papadopoulos, EG and Rey, Daniel A},
	booktitle={Proceedings of IEEE International Conference on Robotics and Automation},
	volume={4},
	pages={3111--3116},
	year={1996},
	organization={IEEE}
}
@article{papadopoulos2000force,
	title={The force-angle measure of tipover stability margin for mobile manipulators},
	author={Papadopoulos, Evangelos and Rey, Daniel A},
	journal={Vehicle System Dynamics},
	volume={33},
	number={1},
	pages={29--48},
	year={2000},
	publisher={Taylor \& Francis}
}
@inproceedings{furuno2003trajectory,
	title={Trajectory planning of mobile manipulator with stability considerations},
	author={Furuno, Seiji and Yamamoto, Motoji and Mohri, Akira},
	booktitle={2003 IEEE International Conference on Robotics and Automation (Cat. No. 03CH37422)},
	volume={3},
	pages={3403--3408},
	year={2003},
	organization={IEEE}
}
@article{messuri1985automatic,
	title={Automatic body regulation for maintaining stability of a legged vehicle during rough-terrain locomotion},
	author={Messuri, Dominic and Klein, Charles},
	journal={IEEE Journal on Robotics and Automation},
	volume={1},
	number={3},
	pages={132--141},
	year={1985},
	publisher={IEEE}
}
@inproceedings{ghasempoor1995measure,
	title={A measure of machine stability for moving base manipulators},
	author={Ghasempoor, Ahmad and Sepehri, Nariman},
	booktitle={Proceedings of 1995 IEEE International Conference on Robotics and Automation},
	volume={3},
	pages={2249--2254},
	year={1995},
	organization={IEEE}
}
@article{chung2010design,
	title={Design of the dual offset active caster wheel for holonomic omni-directional mobile robots},
	author={Chung, Woojin and Moon, Chang-bae and Jung, Changbae and Jin, Jiyong},
	journal={International Journal of Advanced Robotic Systems},
	volume={7},
	number={4},
	pages={26},
	year={2010},
	publisher={SAGE Publications Sage UK: London, England}
}
@inproceedings{li2006wheel,
	title={Wheel-ground interaction modelling and torque distribution for a redundant mobile robot},
	author={Li, Yuan Ping and Zielinska, Teresa and Ang, MH and Lin, Wei},
	booktitle={Proceedings 2006 IEEE International Conference on Robotics and Automation, 2006. ICRA 2006.},
	pages={3362--3367},
	year={2006},
	organization={IEEE}
}
@article{moravec1983stanford,
	title={The Stanford cart and the CMU rover},
	author={Moravec, Hans P},
	journal={Proceedings of the IEEE},
	volume={71},
	number={7},
	pages={872--884},
	year={1983},
	publisher={IEEE}
}
@inproceedings{moravec1982cmu,
	title={The CMU Rover.},
	author={Moravec, Hans P},
	booktitle={AAAI},
	pages={377--380},
	year={1982}
}
@article{ojeda2006current,
	title={Current-based slippage detection and odometry correction for mobile robots and planetary rovers},
	author={Ojeda, Lauro and Cruz, Daniel and Reina, Giulio and Borenstein, Johann},
	journal={IEEE Transactions on Robotics},
	volume={22},
	number={2},
	pages={366--378},
	year={2006},
	publisher={IEEE}
}
@article{khan2015longitudinal,
	title={Longitudinal and lateral slip control of autonomous wheeled mobile robot for trajectory tracking},
	author={Khan, Hamza and Iqbal, Jamshed and Baizid, Khelifa and Zielinska, Teresa},
	journal={Frontiers of Information Technology \& Electronic Engineering},
	volume={16},
	number={2},
	pages={166--172},
	year={2015},
	publisher={Springer}
}
@inproceedings{dakhlallah2008tire,
	title={Tire-road forces estimation using extended Kalman filter and sideslip angle evaluation},
	author={Dakhlallah, Jamil and Glaser, S{\'e}bastien and Mammar, Said and Sebsadji, Yazid},
	booktitle={2008 American control conference},
	pages={4597--4602},
	year={2008},
	organization={IEEE}
}
@article{lee2004real,
	title={Real-time slip-based estimation of maximum tire-road friction coefficient},
	author={Lee, Chankyu and Hedrick, Karl and Yi, Kyongsu},
	journal={IEEE/ASME Transactions on mechatronics},
	volume={9},
	number={2},
	pages={454--458},
	year={2004},
	publisher={IEEE}
}
@inproceedings{liu2010dynamic,
	title={Dynamic model and adaptive tracking controller for 4-powered caster vehicle},
	author={Liu, Yong and Jia, Yunyi and Xi, Ning},
	booktitle={2010 IEEE International Conference on Robotics and Automation},
	pages={4940--4945},
	year={2010},
	organization={IEEE}
}